@Manual{R2015,
    title = {R: A Language and Environment for Statistical Computing},
    author = {{R Core Team}},
    organization = {R Foundation for Statistical Computing},
    address = {Vienna, Austria},
    year = {2015},
    url = {https://www.R-project.org/}
  }

@article{aaskoven2015fiscal,
  author =       {Lasse Aaskoven},
  title =        {Fiscal Transparency and Public Employment: Evidence from the
                  OECD},
  journal =      {Journal of Political Economy, submitted},
  year =         2015
}

@article{alesina2000redistributive,
  title =        {Redistributive public employment},
  author =       {Alesina, Alberto and Baqir, Reza and Easterly, William},
  journal =      {Journal of Urban Economics},
  volume =       48,
  number =       2,
  pages =        {219--241},
  year =         2000,
  publisher =    {Elsevier}
}

@article{alt2012moral,
  title =        {Moral hazard in an economic union: Politics, economics, and
                  fiscal gimmickry in Europe},
  author =       {Alt, James E and Lassen, David Dreyer and Wehner, Joachim},
  journal =      {Economics, and Fiscal Gimmickry in Europe (July 9, 2012)},
  year =         2012
}

@article{alt2014isn,
  title =        {It isn't just about Greece: domestic politics, transparency
                  and fiscal gimmickry in Europe},
  author =       {Alt, James and Lassen, David Dreyer and Wehner, Joachim},
  journal =      {British Journal of Political Science},
  volume =       44,
  number =       04,
  pages =        {707--716},
  year =         2014,
  publisher =    {Cambridge Univ Press}
}

@article{beck2001new,
  title =        {New tools in comparative political economy: The Database of
                  Political Institutions},
  author =       {Beck, Thorsten and Clarke, George and Groff, Alberto and
                  Keefer, Philip and Walsh, Patrick},
  journal =      {the world bank economic review},
  volume =       15,
  number =       1,
  pages =        {165--176},
  year =         2001,
  publisher =    {World Bank}
}

@article{benjamini1995controlling,
  title =        {Controlling the false discovery rate: a practical and
                  powerful approach to multiple testing},
  author =       {Benjamini, Yoav and Hochberg, Yosef},
  journal =      {Journal of the Royal Statistical Society. Series B
                  (Methodological)},
  pages =        {289--300},
  year =         1995,
  publisher =    {JSTOR}
}

@misc{gandrud2014altreplication,
  author =       {Christopher Gandrud},
  title =        {Alt et al. (2014) Replication},
  year =         2014,
  publisher =    {GitHub},
  journal =      {GitHub repository},
  url =
                  {https://github.com/christophergandrud/Alt_et_al_2014_Replication},
  commit =       {19d7479def447f4978b976840e44b4c3e8e1b0fe}
}

@misc{gandrud2015yrcurnt,
  author =       {Christopher Gandrud},
  title =        {Corrections and Refinements to the Database of Political
                  Institutions' yrcurnt Election Timing Variable},
  url =
                  {http://thepoliticalmethodologist.com/2015/03/03/corrections-and-refinements-to-the-database-of-political-institutions-yrcurnt-election-timing-variable/},
  urldate =      {2016-1-14},
  journal =      {The Political Methodologist},
  year =         2015
}

@Manual{hlavac2015stargazer,
  title =        {stargazer: Well-Formatted Regression and Summary Statistics
                  Tables},
  author =       {Marek Hlavac},
  year =         2015,
  note =         {R package version 5.2},
  organization = {Harvard University},
  address =      {Cambridge, USA},
  url =          {http://CRAN.R-project.org/package=stargazer},
}

@article{james2014ecp,
  title =        {{ecp}: An {R} Package for Nonparametric Multiple Change Point
                  Analysis of Multivariate Data},
  author =       {Nicholas A. James and David S. Matteson},
  journal =      {Journal of Statistical Software},
  year =         2014,
  volume =       62,
  number =       7,
  pages =        {1--25},
  url =          {http://www.jstatsoft.org/v62/i07/}
}

@article{oecd2015eo,
  author =       "OECD",
  year =         2015,
  title =        "Economic Outlook",
  url =          "https://data.oecd.org/",
  urldate =      {2015-12-31},
}

@article{oecd2015gdp,
  author =       "OECD",
  year =         2015,
  title =        "Gross domestic product",
  url =          "https://data.oecd.org/gdp/gross-domestic-product-gdp.htm",
  urldate =      {2015-11-08},
  doi =          "http://dx.doi.org/10.1787/dc2f7aec-en"
}

@misc{oecd2015govspending,
  author =       {OECD},
  title =        {General government spending (indicator)},
  url =          {https://data.oecd.org/gga/general-government-spending.htm},
  urldate =      {2015-10-31},
  year =         2015,
  doi =          {http://dx.doi.org/10.1787/a31cbf4d-en},
  urldate =      {2015-10-31}
}

@misc{oecd2015inequality,
  author =       {OECD},
  title =        {Inequality - Income Inequality - OECD Data},
  url =          {https://data.oecd.org/inequality/income-inequality.htm},
  urldate =      {2015-10-31},
  year =         2015
}

@misc{pham2016public,
  author =       {David Pham},
  title =        {https://github.com/davidpham87/public\_employment\_analysis},
  url =          {https://github.com/davidpham87/public_employment_analysis},
  urldate =      {2016-1-14},
  year =         2016
}

@Manual{sax2014tempdisagg,
  title =        {tempdisagg: Methods for Temporal Disaggregation and
                  Interpolation of Time Series},
  author =       {Christoph Sax and Peter Steiner},
  year =         2014,
  note =         {R package version 0.24.0},
  url =          {https://CRAN.R-project.org/package=tempdisagg},
}

@article{schuster2013retreat,
  title =        {The retreat of the state from entrepreneurial activities: A
                  convergence analysis for OECD countries, 1980--2007},
  author =       {Schuster, Philipp and Schmitt, Carina and Traub, Stefan},
  journal =      {European Journal of Political Economy},
  volume =       32,
  pages =        {95--112},
  year =         2013,
  publisher =    {Elsevier}
}

@article{solt2009standardizing,
  title =        {Standardizing the world income inequality database},
  author =       {Solt, Frederick},
  journal =      {Social Science Quarterly},
  volume =       90,
  number =       2,
  pages =        {231--242},
  year =         2009,
  publisher =    {Wiley Online Library}
}

@article{toth2014chapter,
  title =        {chapter 2 Revisiting Grand Narratives Of Growing
                  Inequalities: Lessons From 30 Country Studies},
  author =       {T{\'o}th, Istv{\'a}n Gy{\"o}rgy},
  journal =      {Changing Inequalities and Societal Impacts in Rich Countries:
                  Thirty Countries' Experiences},
  pages =        11,
  year =         2014,
  publisher =    {Oxford University Press}
}

@book{wang2015trends,
  title =        {Trends in Fiscal Transparency: Evidence from a New Database
                  of the Coverage of Fiscal Reporting},
  author =       {Wang, Rachel F and Irwin, Mr Timothy and Murara, Lewis K},
  number =       {15-188},
  year =         2015,
  publisher =    {International Monetary Fund}
}

@misc{wiki2015election,
  author =       {Wikipedia},
  title =        "{W}ikipedia{,} The Free Encyclopedia",
  year =         2015,
  url =          "\url{http://en.wikipedia.org/}",
  note =         "[Online; accessed 2015-12-31]"
}
